@ONLINE{ Kohlschütter:2011:boilerpipe,
       author = {Kohlschütter, Christian},
       title = {Boilerpipe},
       year = {2011}, 
       url = {https://code.google.com/p/boilerpipe/}
}
@ONLINE{Doyle:ranksNL,
       author = {Doyle, Damian},
       title = {Stopwords},
       url = {www.ranks.nl/stopwords}
}
